%YAML 1.1
%TAG !u! tag:unity3d.com,2011:
--- !u!1 &9145678817938642718
GameObject:
  m_ObjectHideFlags: 0
  m_CorrespondingSourceObject: {fileID: 0}
  m_PrefabInstance: {fileID: 0}
  m_PrefabAsset: {fileID: 0}
  serializedVersion: 6
  m_Component:
  - component: {fileID: 6235232132460900366}
  - component: {fileID: 8136675091918561643}
  m_Layer: 0
  m_Name: Trail_segment
  m_TagString: Untagged
  m_Icon: {fileID: 0}
  m_NavMeshLayer: 0
  m_StaticEditorFlags: 0
  m_IsActive: 1
--- !u!4 &6235232132460900366
Transform:
  m_ObjectHideFlags: 0
  m_CorrespondingSourceObject: {fileID: 0}
  m_PrefabInstance: {fileID: 0}
  m_PrefabAsset: {fileID: 0}
  m_GameObject: {fileID: 9145678817938642718}
  m_LocalRotation: {x: 0, y: 0, z: 0, w: 1}
  m_LocalPosition: {x: 0, y: 0, z: 0}
  m_LocalScale: {x: 1, y: 1, z: 1}
  m_Children:
  - {fileID: 480332807264052281}
  - {fileID: 539505073009578049}
  - {fileID: 6714294889817940520}
  - {fileID: 5512284906655276272}
  m_Father: {fileID: 0}
  m_RootOrder: 0
  m_LocalEulerAnglesHint: {x: 0, y: 0, z: 0}
--- !u!114 &8136675091918561643
MonoBehaviour:
  m_ObjectHideFlags: 0
  m_CorrespondingSourceObject: {fileID: 0}
  m_PrefabInstance: {fileID: 0}
  m_PrefabAsset: {fileID: 0}
  m_GameObject: {fileID: 9145678817938642718}
  m_Enabled: 1
  m_EditorHideFlags: 0
  m_Script: {fileID: 11500000, guid: d324d32ca42040109285fa76368936a1, type: 3}
  m_Name: 
  m_EditorClassIdentifier: 
--- !u!1001 &396471902739934720
PrefabInstance:
  m_ObjectHideFlags: 0
  serializedVersion: 2
  m_Modification:
    m_TransformParent: {fileID: 6235232132460900366}
    m_Modifications:
    - target: {fileID: 7995617084765371963, guid: 74902c0e0f0379f4992bf8c9084c86b9,
        type: 3}
      propertyPath: m_Name
      value: Outter_Rim (2)
      objectReference: {fileID: 0}
    - target: {fileID: 6389898379935943720, guid: 74902c0e0f0379f4992bf8c9084c86b9,
        type: 3}
      propertyPath: m_LocalPosition.x
      value: 0
      objectReference: {fileID: 0}
    - target: {fileID: 6389898379935943720, guid: 74902c0e0f0379f4992bf8c9084c86b9,
        type: 3}
      propertyPath: m_LocalPosition.y
      value: 2
      objectReference: {fileID: 0}
    - target: {fileID: 6389898379935943720, guid: 74902c0e0f0379f4992bf8c9084c86b9,
        type: 3}
      propertyPath: m_LocalPosition.z
      value: 0
      objectReference: {fileID: 0}
    - target: {fileID: 6389898379935943720, guid: 74902c0e0f0379f4992bf8c9084c86b9,
        type: 3}
      propertyPath: m_LocalRotation.x
      value: 0.000000021855694
      objectReference: {fileID: 0}
    - target: {fileID: 6389898379935943720, guid: 74902c0e0f0379f4992bf8c9084c86b9,
        type: 3}
      propertyPath: m_LocalRotation.y
      value: -0
      objectReference: {fileID: 0}
    - target: {fileID: 6389898379935943720, guid: 74902c0e0f0379f4992bf8c9084c86b9,
        type: 3}
      propertyPath: m_LocalRotation.z
      value: -0
      objectReference: {fileID: 0}
    - target: {fileID: 6389898379935943720, guid: 74902c0e0f0379f4992bf8c9084c86b9,
        type: 3}
      propertyPath: m_LocalRotation.w
      value: 1
      objectReference: {fileID: 0}
    - target: {fileID: 6389898379935943720, guid: 74902c0e0f0379f4992bf8c9084c86b9,
        type: 3}
      propertyPath: m_RootOrder
      value: 2
      objectReference: {fileID: 0}
    - target: {fileID: 6389898379935943720, guid: 74902c0e0f0379f4992bf8c9084c86b9,
        type: 3}
      propertyPath: m_LocalEulerAnglesHint.x
      value: 0
      objectReference: {fileID: 0}
    - target: {fileID: 6389898379935943720, guid: 74902c0e0f0379f4992bf8c9084c86b9,
        type: 3}
      propertyPath: m_LocalEulerAnglesHint.y
      value: 0
      objectReference: {fileID: 0}
    - target: {fileID: 6389898379935943720, guid: 74902c0e0f0379f4992bf8c9084c86b9,
        type: 3}
      propertyPath: m_LocalEulerAnglesHint.z
      value: 0
      objectReference: {fileID: 0}
    m_RemovedComponents: []
  m_SourcePrefab: {fileID: 100100000, guid: 74902c0e0f0379f4992bf8c9084c86b9, type: 3}
--- !u!4 &6714294889817940520 stripped
Transform:
  m_CorrespondingSourceObject: {fileID: 6389898379935943720, guid: 74902c0e0f0379f4992bf8c9084c86b9,
    type: 3}
  m_PrefabInstance: {fileID: 396471902739934720}
  m_PrefabAsset: {fileID: 0}
--- !u!1001 &1500520365418500312
PrefabInstance:
  m_ObjectHideFlags: 0
  serializedVersion: 2
  m_Modification:
    m_TransformParent: {fileID: 6235232132460900366}
    m_Modifications:
    - target: {fileID: 7995617084765371963, guid: 74902c0e0f0379f4992bf8c9084c86b9,
        type: 3}
      propertyPath: m_Name
      value: Outter_Rim (3)
      objectReference: {fileID: 0}
    - target: {fileID: 6389898379935943720, guid: 74902c0e0f0379f4992bf8c9084c86b9,
        type: 3}
      propertyPath: m_LocalPosition.x
      value: 0
      objectReference: {fileID: 0}
    - target: {fileID: 6389898379935943720, guid: 74902c0e0f0379f4992bf8c9084c86b9,
        type: 3}
      propertyPath: m_LocalPosition.y
      value: 3
      objectReference: {fileID: 0}
    - target: {fileID: 6389898379935943720, guid: 74902c0e0f0379f4992bf8c9084c86b9,
        type: 3}
      propertyPath: m_LocalPosition.z
      value: 0
      objectReference: {fileID: 0}
    - target: {fileID: 6389898379935943720, guid: 74902c0e0f0379f4992bf8c9084c86b9,
        type: 3}
      propertyPath: m_LocalRotation.x
      value: 0.000000021855694
      objectReference: {fileID: 0}
    - target: {fileID: 6389898379935943720, guid: 74902c0e0f0379f4992bf8c9084c86b9,
        type: 3}
      propertyPath: m_LocalRotation.y
      value: -0
      objectReference: {fileID: 0}
    - target: {fileID: 6389898379935943720, guid: 74902c0e0f0379f4992bf8c9084c86b9,
        type: 3}
      propertyPath: m_LocalRotation.z
      value: -0
      objectReference: {fileID: 0}
    - target: {fileID: 6389898379935943720, guid: 74902c0e0f0379f4992bf8c9084c86b9,
        type: 3}
      propertyPath: m_LocalRotation.w
      value: 1
      objectReference: {fileID: 0}
    - target: {fileID: 6389898379935943720, guid: 74902c0e0f0379f4992bf8c9084c86b9,
        type: 3}
      propertyPath: m_RootOrder
      value: 3
      objectReference: {fileID: 0}
    - target: {fileID: 6389898379935943720, guid: 74902c0e0f0379f4992bf8c9084c86b9,
        type: 3}
      propertyPath: m_LocalEulerAnglesHint.x
      value: 0
      objectReference: {fileID: 0}
    - target: {fileID: 6389898379935943720, guid: 74902c0e0f0379f4992bf8c9084c86b9,
        type: 3}
      propertyPath: m_LocalEulerAnglesHint.y
      value: 0
      objectReference: {fileID: 0}
    - target: {fileID: 6389898379935943720, guid: 74902c0e0f0379f4992bf8c9084c86b9,
        type: 3}
      propertyPath: m_LocalEulerAnglesHint.z
      value: 0
      objectReference: {fileID: 0}
    m_RemovedComponents: []
  m_SourcePrefab: {fileID: 100100000, guid: 74902c0e0f0379f4992bf8c9084c86b9, type: 3}
--- !u!4 &5512284906655276272 stripped
Transform:
  m_CorrespondingSourceObject: {fileID: 6389898379935943720, guid: 74902c0e0f0379f4992bf8c9084c86b9,
    type: 3}
  m_PrefabInstance: {fileID: 1500520365418500312}
  m_PrefabAsset: {fileID: 0}
--- !u!1001 &6904528100595129449
PrefabInstance:
  m_ObjectHideFlags: 0
  serializedVersion: 2
  m_Modification:
    m_TransformParent: {fileID: 6235232132460900366}
    m_Modifications:
    - target: {fileID: 7995617084765371963, guid: 74902c0e0f0379f4992bf8c9084c86b9,
        type: 3}
      propertyPath: m_Name
      value: Outter_Rim (1)
      objectReference: {fileID: 0}
    - target: {fileID: 6389898379935943720, guid: 74902c0e0f0379f4992bf8c9084c86b9,
        type: 3}
      propertyPath: m_LocalPosition.x
      value: 0
      objectReference: {fileID: 0}
    - target: {fileID: 6389898379935943720, guid: 74902c0e0f0379f4992bf8c9084c86b9,
        type: 3}
      propertyPath: m_LocalPosition.y
      value: 1
      objectReference: {fileID: 0}
    - target: {fileID: 6389898379935943720, guid: 74902c0e0f0379f4992bf8c9084c86b9,
        type: 3}
      propertyPath: m_LocalPosition.z
      value: 0
      objectReference: {fileID: 0}
    - target: {fileID: 6389898379935943720, guid: 74902c0e0f0379f4992bf8c9084c86b9,
        type: 3}
      propertyPath: m_LocalRotation.x
      value: 0.000000021855694
      objectReference: {fileID: 0}
    - target: {fileID: 6389898379935943720, guid: 74902c0e0f0379f4992bf8c9084c86b9,
        type: 3}
      propertyPath: m_LocalRotation.y
      value: -0
      objectReference: {fileID: 0}
    - target: {fileID: 6389898379935943720, guid: 74902c0e0f0379f4992bf8c9084c86b9,
        type: 3}
      propertyPath: m_LocalRotation.z
      value: -0
      objectReference: {fileID: 0}
    - target: {fileID: 6389898379935943720, guid: 74902c0e0f0379f4992bf8c9084c86b9,
        type: 3}
      propertyPath: m_LocalRotation.w
      value: 1
      objectReference: {fileID: 0}
    - target: {fileID: 6389898379935943720, guid: 74902c0e0f0379f4992bf8c9084c86b9,
        type: 3}
      propertyPath: m_RootOrder
      value: 1
      objectReference: {fileID: 0}
    - target: {fileID: 6389898379935943720, guid: 74902c0e0f0379f4992bf8c9084c86b9,
        type: 3}
      propertyPath: m_LocalEulerAnglesHint.x
      value: 0
      objectReference: {fileID: 0}
    - target: {fileID: 6389898379935943720, guid: 74902c0e0f0379f4992bf8c9084c86b9,
        type: 3}
      propertyPath: m_LocalEulerAnglesHint.y
      value: 0
      objectReference: {fileID: 0}
    - target: {fileID: 6389898379935943720, guid: 74902c0e0f0379f4992bf8c9084c86b9,
        type: 3}
      propertyPath: m_LocalEulerAnglesHint.z
      value: 0
      objectReference: {fileID: 0}
    m_RemovedComponents: []
  m_SourcePrefab: {fileID: 100100000, guid: 74902c0e0f0379f4992bf8c9084c86b9, type: 3}
--- !u!4 &539505073009578049 stripped
Transform:
  m_CorrespondingSourceObject: {fileID: 6389898379935943720, guid: 74902c0e0f0379f4992bf8c9084c86b9,
    type: 3}
  m_PrefabInstance: {fileID: 6904528100595129449}
  m_PrefabAsset: {fileID: 0}
--- !u!1001 &8796158570435700307
PrefabInstance:
  m_ObjectHideFlags: 0
  serializedVersion: 2
  m_Modification:
    m_TransformParent: {fileID: 6235232132460900366}
    m_Modifications:
    - target: {fileID: 5396190184300982393, guid: c346f7e8c2785f14fa77abee20d144a9,
        type: 3}
      propertyPath: m_Name
      value: Outter_Rim
      objectReference: {fileID: 0}
    - target: {fileID: 8987011916515983978, guid: c346f7e8c2785f14fa77abee20d144a9,
        type: 3}
      propertyPath: m_LocalPosition.x
      value: 0
      objectReference: {fileID: 0}
    - target: {fileID: 8987011916515983978, guid: c346f7e8c2785f14fa77abee20d144a9,
        type: 3}
      propertyPath: m_LocalPosition.y
      value: 0
      objectReference: {fileID: 0}
    - target: {fileID: 8987011916515983978, guid: c346f7e8c2785f14fa77abee20d144a9,
        type: 3}
      propertyPath: m_LocalPosition.z
      value: 0
      objectReference: {fileID: 0}
    - target: {fileID: 8987011916515983978, guid: c346f7e8c2785f14fa77abee20d144a9,
        type: 3}
      propertyPath: m_LocalRotation.x
      value: 0.000000021855694
      objectReference: {fileID: 0}
    - target: {fileID: 8987011916515983978, guid: c346f7e8c2785f14fa77abee20d144a9,
        type: 3}
      propertyPath: m_LocalRotation.y
      value: -0
      objectReference: {fileID: 0}
    - target: {fileID: 8987011916515983978, guid: c346f7e8c2785f14fa77abee20d144a9,
        type: 3}
      propertyPath: m_LocalRotation.z
      value: -0
      objectReference: {fileID: 0}
    - target: {fileID: 8987011916515983978, guid: c346f7e8c2785f14fa77abee20d144a9,
        type: 3}
      propertyPath: m_LocalRotation.w
      value: 1
      objectReference: {fileID: 0}
    - target: {fileID: 8987011916515983978, guid: c346f7e8c2785f14fa77abee20d144a9,
        type: 3}
      propertyPath: m_RootOrder
      value: 0
      objectReference: {fileID: 0}
    - target: {fileID: 8987011916515983978, guid: c346f7e8c2785f14fa77abee20d144a9,
        type: 3}
      propertyPath: m_LocalEulerAnglesHint.x
      value: 0
      objectReference: {fileID: 0}
    - target: {fileID: 8987011916515983978, guid: c346f7e8c2785f14fa77abee20d144a9,
        type: 3}
      propertyPath: m_LocalEulerAnglesHint.y
      value: 0
      objectReference: {fileID: 0}
    - target: {fileID: 8987011916515983978, guid: c346f7e8c2785f14fa77abee20d144a9,
        type: 3}
      propertyPath: m_LocalEulerAnglesHint.z
      value: 0
      objectReference: {fileID: 0}
    - target: {fileID: 4204479695817231956, guid: c346f7e8c2785f14fa77abee20d144a9,
        type: 3}
      propertyPath: segments.Array.size
      value: 22
      objectReference: {fileID: 0}
    - target: {fileID: 4204479695817231956, guid: c346f7e8c2785f14fa77abee20d144a9,
        type: 3}
      propertyPath: segments.Array.data[0]
      value: 
      objectReference: {fileID: 5205830931510973405}
    - target: {fileID: 4204479695817231956, guid: c346f7e8c2785f14fa77abee20d144a9,
        type: 3}
      propertyPath: segments.Array.data[1]
      value: 
      objectReference: {fileID: 7398571387640112560}
    - target: {fileID: 4204479695817231956, guid: c346f7e8c2785f14fa77abee20d144a9,
        type: 3}
      propertyPath: segments.Array.data[2]
      value: 
      objectReference: {fileID: 3164229021695197211}
    - target: {fileID: 4204479695817231956, guid: c346f7e8c2785f14fa77abee20d144a9,
        type: 3}
      propertyPath: segments.Array.data[3]
      value: 
      objectReference: {fileID: 1748541053031074453}
    - target: {fileID: 4204479695817231956, guid: c346f7e8c2785f14fa77abee20d144a9,
        type: 3}
      propertyPath: segments.Array.data[4]
      value: 
      objectReference: {fileID: 3207202875733027033}
    - target: {fileID: 4204479695817231956, guid: c346f7e8c2785f14fa77abee20d144a9,
        type: 3}
      propertyPath: segments.Array.data[5]
      value: 
      objectReference: {fileID: 596597435863946637}
    - target: {fileID: 4204479695817231956, guid: c346f7e8c2785f14fa77abee20d144a9,
        type: 3}
      propertyPath: segments.Array.data[6]
      value: 
      objectReference: {fileID: 6683695053019300984}
    - target: {fileID: 4204479695817231956, guid: c346f7e8c2785f14fa77abee20d144a9,
        type: 3}
      propertyPath: segments.Array.data[7]
      value: 
      objectReference: {fileID: 865561190811093312}
    - target: {fileID: 4204479695817231956, guid: c346f7e8c2785f14fa77abee20d144a9,
        type: 3}
      propertyPath: segments.Array.data[8]
      value: 
      objectReference: {fileID: 7878985555547518953}
    - target: {fileID: 4204479695817231956, guid: c346f7e8c2785f14fa77abee20d144a9,
        type: 3}
      propertyPath: segments.Array.data[9]
      value: 
      objectReference: {fileID: 4511406446228625977}
    - target: {fileID: 4204479695817231956, guid: c346f7e8c2785f14fa77abee20d144a9,
        type: 3}
      propertyPath: segments.Array.data[10]
      value: 
      objectReference: {fileID: 7891565986512398771}
    - target: {fileID: 4204479695817231956, guid: c346f7e8c2785f14fa77abee20d144a9,
        type: 3}
      propertyPath: segments.Array.data[11]
      value: 
      objectReference: {fileID: 851703095036059108}
    - target: {fileID: 4204479695817231956, guid: c346f7e8c2785f14fa77abee20d144a9,
        type: 3}
      propertyPath: segments.Array.data[12]
      value: 
      objectReference: {fileID: 5830605895540962235}
    - target: {fileID: 4204479695817231956, guid: c346f7e8c2785f14fa77abee20d144a9,
        type: 3}
      propertyPath: segments.Array.data[13]
      value: 
      objectReference: {fileID: 2227665346598171505}
    - target: {fileID: 4204479695817231956, guid: c346f7e8c2785f14fa77abee20d144a9,
        type: 3}
      propertyPath: segments.Array.data[14]
      value: 
      objectReference: {fileID: 7723414192830017821}
    - target: {fileID: 4204479695817231956, guid: c346f7e8c2785f14fa77abee20d144a9,
        type: 3}
      propertyPath: segments.Array.data[15]
      value: 
      objectReference: {fileID: 7106268775911608629}
    - target: {fileID: 4204479695817231956, guid: c346f7e8c2785f14fa77abee20d144a9,
        type: 3}
      propertyPath: segments.Array.data[16]
      value: 
      objectReference: {fileID: 1717815991272040021}
    - target: {fileID: 4204479695817231956, guid: c346f7e8c2785f14fa77abee20d144a9,
        type: 3}
      propertyPath: segments.Array.data[17]
      value: 
      objectReference: {fileID: 6922527188526153604}
    - target: {fileID: 4204479695817231956, guid: c346f7e8c2785f14fa77abee20d144a9,
        type: 3}
      propertyPath: segments.Array.data[18]
      value: 
      objectReference: {fileID: 201142774554152863}
    - target: {fileID: 4204479695817231956, guid: c346f7e8c2785f14fa77abee20d144a9,
        type: 3}
      propertyPath: segments.Array.data[19]
      value: 
      objectReference: {fileID: 5980505743029215276}
    - target: {fileID: 4204479695817231956, guid: c346f7e8c2785f14fa77abee20d144a9,
        type: 3}
      propertyPath: segments.Array.data[20]
      value: 
      objectReference: {fileID: 5070789875022165700}
    - target: {fileID: 4204479695817231956, guid: c346f7e8c2785f14fa77abee20d144a9,
        type: 3}
      propertyPath: segments.Array.data[21]
      value: 
      objectReference: {fileID: 8520533928570854719}
    - target: {fileID: 5952356545018475040, guid: c346f7e8c2785f14fa77abee20d144a9,
        type: 3}
      propertyPath: m_TagString
      value: Entrance
      objectReference: {fileID: 0}
    m_RemovedComponents: []
  m_SourcePrefab: {fileID: 100100000, guid: c346f7e8c2785f14fa77abee20d144a9, type: 3}
--- !u!4 &480332807264052281 stripped
Transform:
  m_CorrespondingSourceObject: {fileID: 8987011916515983978, guid: c346f7e8c2785f14fa77abee20d144a9,
    type: 3}
  m_PrefabInstance: {fileID: 8796158570435700307}
  m_PrefabAsset: {fileID: 0}
--- !u!114 &5205830931510973405 stripped
MonoBehaviour:
  m_CorrespondingSourceObject: {fileID: 3615519941704299918, guid: c346f7e8c2785f14fa77abee20d144a9,
    type: 3}
  m_PrefabInstance: {fileID: 8796158570435700307}
  m_PrefabAsset: {fileID: 0}
  m_GameObject: {fileID: 0}
  m_Enabled: 1
  m_EditorHideFlags: 0
  m_Script: {fileID: 11500000, guid: ca3bc4247d0b41e88f56ba5947b6c12d, type: 3}
  m_Name: 
  m_EditorClassIdentifier: 
--- !u!114 &7398571387640112560 stripped
MonoBehaviour:
  m_CorrespondingSourceObject: {fileID: 2071439121443423203, guid: c346f7e8c2785f14fa77abee20d144a9,
    type: 3}
  m_PrefabInstance: {fileID: 8796158570435700307}
  m_PrefabAsset: {fileID: 0}
  m_GameObject: {fileID: 0}
  m_Enabled: 1
  m_EditorHideFlags: 0
  m_Script: {fileID: 11500000, guid: ca3bc4247d0b41e88f56ba5947b6c12d, type: 3}
  m_Name: 
  m_EditorClassIdentifier: 
--- !u!114 &3164229021695197211 stripped
MonoBehaviour:
  m_CorrespondingSourceObject: {fileID: 5907493570537596488, guid: c346f7e8c2785f14fa77abee20d144a9,
    type: 3}
  m_PrefabInstance: {fileID: 8796158570435700307}
  m_PrefabAsset: {fileID: 0}
  m_GameObject: {fileID: 0}
  m_Enabled: 1
  m_EditorHideFlags: 0
  m_Script: {fileID: 11500000, guid: ca3bc4247d0b41e88f56ba5947b6c12d, type: 3}
  m_Name: 
  m_EditorClassIdentifier: 
--- !u!114 &1748541053031074453 stripped
MonoBehaviour:
  m_CorrespondingSourceObject: {fileID: 7085898684026137798, guid: c346f7e8c2785f14fa77abee20d144a9,
    type: 3}
  m_PrefabInstance: {fileID: 8796158570435700307}
  m_PrefabAsset: {fileID: 0}
  m_GameObject: {fileID: 0}
  m_Enabled: 1
  m_EditorHideFlags: 0
  m_Script: {fileID: 11500000, guid: ca3bc4247d0b41e88f56ba5947b6c12d, type: 3}
  m_Name: 
  m_EditorClassIdentifier: 
--- !u!114 &3207202875733027033 stripped
MonoBehaviour:
  m_CorrespondingSourceObject: {fileID: 6237623576778657418, guid: c346f7e8c2785f14fa77abee20d144a9,
    type: 3}
  m_PrefabInstance: {fileID: 8796158570435700307}
  m_PrefabAsset: {fileID: 0}
  m_GameObject: {fileID: 0}
  m_Enabled: 1
  m_EditorHideFlags: 0
  m_Script: {fileID: 11500000, guid: ca3bc4247d0b41e88f56ba5947b6c12d, type: 3}
  m_Name: 
  m_EditorClassIdentifier: 
--- !u!114 &596597435863946637 stripped
MonoBehaviour:
  m_CorrespondingSourceObject: {fileID: 8238686434299982814, guid: c346f7e8c2785f14fa77abee20d144a9,
    type: 3}
  m_PrefabInstance: {fileID: 8796158570435700307}
  m_PrefabAsset: {fileID: 0}
  m_GameObject: {fileID: 0}
  m_Enabled: 1
  m_EditorHideFlags: 0
  m_Script: {fileID: 11500000, guid: ca3bc4247d0b41e88f56ba5947b6c12d, type: 3}
  m_Name: 
  m_EditorClassIdentifier: 
--- !u!114 &6683695053019300984 stripped
MonoBehaviour:
  m_CorrespondingSourceObject: {fileID: 2797714623499051563, guid: c346f7e8c2785f14fa77abee20d144a9,
    type: 3}
  m_PrefabInstance: {fileID: 8796158570435700307}
  m_PrefabAsset: {fileID: 0}
  m_GameObject: {fileID: 0}
  m_Enabled: 1
  m_EditorHideFlags: 0
  m_Script: {fileID: 11500000, guid: ca3bc4247d0b41e88f56ba5947b6c12d, type: 3}
  m_Name: 
  m_EditorClassIdentifier: 
--- !u!114 &865561190811093312 stripped
MonoBehaviour:
  m_CorrespondingSourceObject: {fileID: 8507630428171742995, guid: c346f7e8c2785f14fa77abee20d144a9,
    type: 3}
  m_PrefabInstance: {fileID: 8796158570435700307}
  m_PrefabAsset: {fileID: 0}
  m_GameObject: {fileID: 0}
  m_Enabled: 1
  m_EditorHideFlags: 0
  m_Script: {fileID: 11500000, guid: ca3bc4247d0b41e88f56ba5947b6c12d, type: 3}
  m_Name: 
  m_EditorClassIdentifier: 
--- !u!114 &7878985555547518953 stripped
MonoBehaviour:
  m_CorrespondingSourceObject: {fileID: 1677023528731546042, guid: c346f7e8c2785f14fa77abee20d144a9,
    type: 3}
  m_PrefabInstance: {fileID: 8796158570435700307}
  m_PrefabAsset: {fileID: 0}
  m_GameObject: {fileID: 0}
  m_Enabled: 1
  m_EditorHideFlags: 0
  m_Script: {fileID: 11500000, guid: ca3bc4247d0b41e88f56ba5947b6c12d, type: 3}
  m_Name: 
  m_EditorClassIdentifier: 
--- !u!114 &4511406446228625977 stripped
MonoBehaviour:
  m_CorrespondingSourceObject: {fileID: 4938627858404654186, guid: c346f7e8c2785f14fa77abee20d144a9,
    type: 3}
  m_PrefabInstance: {fileID: 8796158570435700307}
  m_PrefabAsset: {fileID: 0}
  m_GameObject: {fileID: 0}
  m_Enabled: 1
  m_EditorHideFlags: 0
  m_Script: {fileID: 11500000, guid: ca3bc4247d0b41e88f56ba5947b6c12d, type: 3}
  m_Name: 
  m_EditorClassIdentifier: 
--- !u!114 &2227665346598171505 stripped
MonoBehaviour:
  m_CorrespondingSourceObject: {fileID: 7275699655671649570, guid: c346f7e8c2785f14fa77abee20d144a9,
    type: 3}
  m_PrefabInstance: {fileID: 8796158570435700307}
  m_PrefabAsset: {fileID: 0}
  m_GameObject: {fileID: 0}
  m_Enabled: 1
  m_EditorHideFlags: 0
  m_Script: {fileID: 11500000, guid: ca3bc4247d0b41e88f56ba5947b6c12d, type: 3}
  m_Name: 
  m_EditorClassIdentifier: 
--- !u!114 &7723414192830017821 stripped
MonoBehaviour:
  m_CorrespondingSourceObject: {fileID: 1242201660240172878, guid: c346f7e8c2785f14fa77abee20d144a9,
    type: 3}
  m_PrefabInstance: {fileID: 8796158570435700307}
  m_PrefabAsset: {fileID: 0}
  m_GameObject: {fileID: 0}
  m_Enabled: 1
  m_EditorHideFlags: 0
  m_Script: {fileID: 11500000, guid: ca3bc4247d0b41e88f56ba5947b6c12d, type: 3}
  m_Name: 
  m_EditorClassIdentifier: 
--- !u!114 &7106268775911608629 stripped
MonoBehaviour:
  m_CorrespondingSourceObject: {fileID: 1768984813277722470, guid: c346f7e8c2785f14fa77abee20d144a9,
    type: 3}
  m_PrefabInstance: {fileID: 8796158570435700307}
  m_PrefabAsset: {fileID: 0}
  m_GameObject: {fileID: 0}
  m_Enabled: 1
  m_EditorHideFlags: 0
  m_Script: {fileID: 11500000, guid: ca3bc4247d0b41e88f56ba5947b6c12d, type: 3}
  m_Name: 
  m_EditorClassIdentifier: 
--- !u!114 &1717815991272040021 stripped
MonoBehaviour:
  m_CorrespondingSourceObject: {fileID: 7909678942642143238, guid: c346f7e8c2785f14fa77abee20d144a9,
    type: 3}
  m_PrefabInstance: {fileID: 8796158570435700307}
  m_PrefabAsset: {fileID: 0}
  m_GameObject: {fileID: 0}
  m_Enabled: 1
  m_EditorHideFlags: 0
  m_Script: {fileID: 11500000, guid: ca3bc4247d0b41e88f56ba5947b6c12d, type: 3}
  m_Name: 
  m_EditorClassIdentifier: 
--- !u!114 &6922527188526153604 stripped
MonoBehaviour:
  m_CorrespondingSourceObject: {fileID: 1874617094218602967, guid: c346f7e8c2785f14fa77abee20d144a9,
    type: 3}
  m_PrefabInstance: {fileID: 8796158570435700307}
  m_PrefabAsset: {fileID: 0}
  m_GameObject: {fileID: 0}
  m_Enabled: 1
  m_EditorHideFlags: 0
  m_Script: {fileID: 11500000, guid: ca3bc4247d0b41e88f56ba5947b6c12d, type: 3}
  m_Name: 
  m_EditorClassIdentifier: 
--- !u!114 &201142774554152863 stripped
MonoBehaviour:
  m_CorrespondingSourceObject: {fileID: 8707887811572541900, guid: c346f7e8c2785f14fa77abee20d144a9,
    type: 3}
  m_PrefabInstance: {fileID: 8796158570435700307}
  m_PrefabAsset: {fileID: 0}
  m_GameObject: {fileID: 0}
  m_Enabled: 1
  m_EditorHideFlags: 0
  m_Script: {fileID: 11500000, guid: ca3bc4247d0b41e88f56ba5947b6c12d, type: 3}
  m_Name: 
  m_EditorClassIdentifier: 
--- !u!114 &5980505743029215276 stripped
MonoBehaviour:
  m_CorrespondingSourceObject: {fileID: 2949081312354584191, guid: c346f7e8c2785f14fa77abee20d144a9,
    type: 3}
  m_PrefabInstance: {fileID: 8796158570435700307}
  m_PrefabAsset: {fileID: 0}
  m_GameObject: {fileID: 0}
  m_Enabled: 1
  m_EditorHideFlags: 0
  m_Script: {fileID: 11500000, guid: ca3bc4247d0b41e88f56ba5947b6c12d, type: 3}
  m_Name: 
  m_EditorClassIdentifier: 
--- !u!114 &5070789875022165700 stripped
MonoBehaviour:
  m_CorrespondingSourceObject: {fileID: 4345176613894492311, guid: c346f7e8c2785f14fa77abee20d144a9,
    type: 3}
  m_PrefabInstance: {fileID: 8796158570435700307}
  m_PrefabAsset: {fileID: 0}
  m_GameObject: {fileID: 0}
  m_Enabled: 1
  m_EditorHideFlags: 0
  m_Script: {fileID: 11500000, guid: ca3bc4247d0b41e88f56ba5947b6c12d, type: 3}
  m_Name: 
  m_EditorClassIdentifier: 
--- !u!114 &8520533928570854719 stripped
MonoBehaviour:
  m_CorrespondingSourceObject: {fileID: 877427783103609708, guid: c346f7e8c2785f14fa77abee20d144a9,
    type: 3}
  m_PrefabInstance: {fileID: 8796158570435700307}
  m_PrefabAsset: {fileID: 0}
  m_GameObject: {fileID: 0}
  m_Enabled: 1
  m_EditorHideFlags: 0
  m_Script: {fileID: 11500000, guid: ca3bc4247d0b41e88f56ba5947b6c12d, type: 3}
  m_Name: 
  m_EditorClassIdentifier: 
--- !u!114 &851703095036059108 stripped
MonoBehaviour:
  m_CorrespondingSourceObject: {fileID: 8197643061487631287, guid: c346f7e8c2785f14fa77abee20d144a9,
    type: 3}
  m_PrefabInstance: {fileID: 8796158570435700307}
  m_PrefabAsset: {fileID: 0}
  m_GameObject: {fileID: 0}
  m_Enabled: 1
  m_EditorHideFlags: 0
  m_Script: {fileID: 11500000, guid: ca3bc4247d0b41e88f56ba5947b6c12d, type: 3}
  m_Name: 
  m_EditorClassIdentifier: 
--- !u!114 &7891565986512398771 stripped
MonoBehaviour:
  m_CorrespondingSourceObject: {fileID: 1699619480850894816, guid: c346f7e8c2785f14fa77abee20d144a9,
    type: 3}
  m_PrefabInstance: {fileID: 8796158570435700307}
  m_PrefabAsset: {fileID: 0}
  m_GameObject: {fileID: 0}
  m_Enabled: 1
  m_EditorHideFlags: 0
  m_Script: {fileID: 11500000, guid: ca3bc4247d0b41e88f56ba5947b6c12d, type: 3}
  m_Name: 
  m_EditorClassIdentifier: 
--- !u!114 &5830605895540962235 stripped
MonoBehaviour:
  m_CorrespondingSourceObject: {fileID: 3096298094071354856, guid: c346f7e8c2785f14fa77abee20d144a9,
    type: 3}
  m_PrefabInstance: {fileID: 8796158570435700307}
  m_PrefabAsset: {fileID: 0}
  m_GameObject: {fileID: 0}
  m_Enabled: 1
  m_EditorHideFlags: 0
  m_Script: {fileID: 11500000, guid: ca3bc4247d0b41e88f56ba5947b6c12d, type: 3}
  m_Name: 
  m_EditorClassIdentifier: 
